<?xml version="1.0" encoding="UTF-8"?><collection xmlns="http://www.loc.gov/MARC21/slim"><record><leader>00566nam--2200205-u-4500</leader><controlfield tag="001">000051214</controlfield><controlfield tag="002">20161230</controlfield><controlfield tag="005">20161230201049</controlfield><controlfield tag="008">080602s1000------------r-----000-0-eng-d</controlfield><datafield ind1=" " ind2=" " tag="020"><subfield code="a">0121404072</subfield></datafield><datafield ind1=" " ind2=" " tag="040"><subfield code="a">IFIN-HH</subfield></datafield><datafield ind1=" " ind2=" " tag="080"><subfield code="a">577.1:57.012.4</subfield></datafield><datafield ind1="1" ind2=" " tag="100"><subfield code="a">Bullock, Gillian R</subfield></datafield><datafield ind1="1" ind2="0" tag="245"><subfield code="a">Techniques in immunocytochemistry</subfield><subfield code="b">Volume 4</subfield><subfield code="c">Gillian r. bullock; peter petrusz (eds.)</subfield></datafield><datafield ind1=" " ind2=" " tag="260"><subfield code="a">London</subfield><subfield code="b">Academic Press</subfield><subfield code="c">1989</subfield></datafield><datafield ind1=" " ind2=" " tag="300"><subfield code="a">283P</subfield></datafield><datafield ind1=" " ind2="4" tag="650"><subfield code="a">Cytochemistry</subfield></datafield><datafield ind1="1" ind2=" " tag="700"><subfield code="a">Petrusz, Peter</subfield><subfield code="e">Ed</subfield></datafield><datafield ind1=" " ind2=" " tag="852"><subfield code="a">81225</subfield><subfield code="c">577.1</subfield></datafield><datafield ind1=" " ind2=" " tag="CAT"><subfield code="a">Sys</subfield><subfield code="c">20110411</subfield><subfield code="h">123816</subfield></datafield></record></collection>